@inproceedings{zianbetov2013distributed,
  title={Distributed clock generator for synchronous SoC using ADPLL network},
  author={Zianbetov, Eldar and Galayko, Dimitri and Anceau, Fran{\c{c}}ois and Javidan, Mohammad and Shan, Chuan and Billoint, Olivier and Korniienko, Anton and Colinet, Eric and Scorletti, G{\'e}rard and Akrea, JM and others},
  booktitle={Custom Integrated Circuits Conference (CICC), 2013 IEEE},
  pages={1--4},
  year={2013},
  organization={IEEE}
}
@article{ross2008cpu,
	title={Why cpu frequency stalled},
	author={Ross, Philip E},
	journal={IEEE Spectrum},
	volume={45},
	number={4},
	year={2008},
	publisher={IEEE}
}
@inproceedings{tiwari1998reducing,
	title={Reducing power in high-performance microprocessors},
	author={Tiwari, Vivek and Singh, Deo and Rajgopal, Suresh and Mehta, Gaurav and Patel, Rakesh and Baez, Franklin},
	booktitle={Proceedings of the 35th annual Design Automation Conference},
	pages={732--737},
	year={1998},
	organization={ACM}
}
@inproceedings{abdelhadi2010timing,
  	title={Timing-driven variation-aware nonuniform clock mesh synthesis},
	author={Abdelhadi, Ameer and Ginosar, Ran and Kolodny, Avinoam and Friedman, Eby G},
	booktitle={Proceedings of the 20th symposium on Great lakes symposium on VLSI},
	pages={15--20},
	year={2010},
	organization={ACM}
}